<?xml version="1.0" encoding="UTF-8"?><record xmlns="http://www.loc.gov/MARC21/slim" xmlns:cinclude="http://apache.org/cocoon/include/1.0" xmlns:zs="http://www.loc.gov/zing/srw/">
  <leader>00540nz  a2200157n  4500</leader>
  <controlfield tag="001">no2011181711</controlfield>
  <controlfield tag="003">DLC</controlfield>
  <controlfield tag="005">20111125074940.0</controlfield>
  <controlfield tag="008">111123n| acannaabn          |a aaa     c</controlfield>
  <datafield tag="010" ind1=" " ind2=" ">
    <subfield code="a">no2011181711</subfield>
  </datafield>
  <datafield tag="035" ind1=" " ind2=" ">
    <subfield code="a">(OCoLC)oca09044031</subfield>
  </datafield>
  <datafield tag="040" ind1=" " ind2=" ">
    <subfield code="a">NjP</subfield>
    <subfield code="b">eng</subfield>
    <subfield code="c">NjP</subfield>
  </datafield>
  <datafield tag="100" ind1="1" ind2=" ">
    <subfield code="a">Simonyi, Charles,</subfield>
    <subfield code="d">1948-</subfield>
  </datafield>
  <datafield tag="400" ind1="1" ind2=" ">
    <subfield code="a">Simonyi, Ka휍혖roly,</subfield>
    <subfield code="d">1948-</subfield>
  </datafield>
  <datafield tag="670" ind1=" " ind2=" ">
    <subfield code="a">Space tourists, 2009:</subfield>
    <subfield code="b">credits (Charles Simonyi)</subfield>
  </datafield>
  <datafield tag="670" ind1=" " ind2=" ">
    <subfield code="a">Wikipedia, Nov. 22, 2011</subfield>
    <subfield code="b">(Charles Simonyi; b. Ka휍혖roly Simonyi on Sept. 10, 1948 in Budapest, Hungary; computer software executive)</subfield>
  </datafield>
</record>